@INPROCEEDINGS{DDTW,
    author = {Eamonn J. Keogh and Michael J. Pazzani},
    title = {Derivative Dynamic Time Warping},
    booktitle = {In First SIAM International Conference on Data Mining (SDM’2001)},
    year = {2001}
}

@SOFTWARE{FLANN,
    title = {FLANN - Fast Library for Approximate Nearest Neighbors},
    author = {Marius Muja, David G. Lowe, Jack Rae},
    version = {1.8.4},
    url = {http://www.cs.ubc.ca/research/flann/}
}

@INPROCEEDINGS{Google_nGrams,
    author = {Lin, Yuri and Michel, Jean-Baptiste and Aiden, Erez Lieberman and Orwant, Jon and Brockman, Will and Petrov, Slav},
    title = {Syntactic Annotations for the Google Books Ngram Corpus},
    booktitle = {Proceedings of the ACL 2012 System Demonstrations},
    series = {ACL '12},
    year = {2012},
    location = {Jeju Island, Korea},
    pages = {169--174},
    numpages = {6},
    url = {http://dl.acm.org/citation.cfm?id=2390470.2390499},
    acmid = {2390499},
    publisher = {Association for Computational Linguistics},
    address = {Stroudsburg, PA, USA},
}

@ARTICLE{Haar,
    author = {Haar, Alfred},
    title = {Zur Theorie der orthogonalen Funktionensysteme},
    journal = {Mathematische Annalen},
    year = {1910},
    volume = {69},
    number = {3},
    pages = {331--371},
    issn = {1432-1807},
    doi = {10.1007/BF01456326},
    url = {http://dx.doi.org/10.1007/BF01456326}
}

@ARTICLE{haar_tree_notwo,
    author={Egiazarian, Karen and Astola, Jaakko},
    title={Tree-Structured Haar Transforms},
    journal={Journal of Mathematical Imaging and Vision},
    year={2002},
    volume={16},
    number={3},
    pages={269--279},
    abstract={The Haar transform is generalized to the case of an arbitrary time and scale splitting. To any binary tree we associate an orthogonal system of Haar-type functions -- tree-structured Haar (TSH) functions. Unified fast algorithm for computation of the introduced tree-structured Haar transforms is presented. It requires 2(N − 1) additions and 3N −2 multiplications, where N is transform order or, equivalently, the number of leaves of the binary tree.},
    issn={1573-7683},
    doi={10.1023/A:1020385811959},
    url={http://dx.doi.org/10.1023/A:1020385811959}
}

@ARTICLE{ieee_float,
    journal={IEEE Std 754-2008},
    title={IEEE Standard for Floating-Point Arithmetic},
    year={2008},
    pages={1-70},
    keywords={IEEE standards;floating point arithmetic;programming;IEEE standard;arithmetic formats;computer programming;decimal floating-point arithmetic;754-2008;NaN;arithmetic;binary;computer;decimal;exponent;floating-point;format;interchange;number;rounding;significand;subnormal},
    doi={10.1109/IEEESTD.2008.4610935},
    month={Aug}
}

@ARTICLE{LB_Improved,
    author    = {Daniel Lemire},
    title     = {Faster Retrieval with a Two-Pass Dynamic-Time-Warping Lower Bound},
    journal   = {CoRR},
    volume    = {abs/0811.3301},
    year      = {2008},
    url       = {http://arxiv.org/abs/0811.3301},
    timestamp = {Mon, 05 Dec 2011 18:03:42 +0100},
    biburl    = {http://dblp.uni-trier.de/rec/bib/journals/corr/abs-0811-3301},
    bibsource = {dblp computer science bibliography, http://dblp.org}
}

@ARTICLE{LB_Keogh,
    author = {Keogh, Eamonn and Ratanamahatana, Ann Chotirat},
    title = {Exact indexing of dynamic time warping},
    journal = {Knowledge and Information Systems},
    year = {2005},
    volume = {7},
    number = {3},
    pages = {358--386},
    issn = {0219-3116},
    doi = {10.1007/s10115-004-0154-9},
    url = {http://dx.doi.org/10.1007/s10115-004-0154-9}
}

@MISC{porter2,
    title = {Developing the English stemmer},
    author = {Porter, Martin},
    year = {2002},
    url = {http://snowball.tartarus.org/algorithms/english/stemmer.html}
}

@ARTICLE{rtree,
    author = {Guttman, Antonin},
    title = {R-trees: A Dynamic Index Structure for Spatial Searching},
    journal = {SIGMOD Rec.},
    issue_date = {June 1984},
    volume = {14},
    number = {2},
    month = jun,
    year = {1984},
    issn = {0163-5808},
    pages = {47--57},
    numpages = {11},
    url = {http://doi.acm.org/10.1145/971697.602266},
    doi = {10.1145/971697.602266},
    acmid = {602266},
    publisher = {ACM},
    address = {New York, NY, USA},
}

@ARTICLE{rtree_highdim,
    author = {Seidl, Thomas and Kriegel, Hans-Peter},
    title = {Optimal Multi-step K-nearest Neighbor Search},
    journal = {SIGMOD Rec.},
    issue_date = {June 1998},
    volume = {27},
    number = {2},
    month = jun,
    year = {1998},
    issn = {0163-5808},
    pages = {154--165},
    numpages = {12},
    url = {http://doi.acm.org/10.1145/276305.276319},
    doi = {10.1145/276305.276319},
    acmid = {276319},
    publisher = {ACM},
    address = {New York, NY, USA},
}

@ARTICLE{sakoe,
    added-at = {2009-08-05T10:31:23.000+0200},
    author = {Sakoe, Hiroaki and Chiba, Seibi},
    biburl = {http://www.bibsonomy.org/bibtex/27c3ab48b6e096541646d26b83ce1157f/christine111},
    interhash = {bf061de66e8f517d2e1df55714d66205},
    intrahash = {7c3ab48b6e096541646d26b83ce1157f},
    journal = {IEEE Transactions on Acoustics, Speech, and Signal Processing},
    keywords = {imported},
    number = 1,
    pages = {43-49},
    timestamp = {2009-08-05T10:31:24.000+0200},
    title = {Dynamic programming algorithm optimization for spoken word recognition},
    voulme = {26},
    year = 1978
}

@MISC{unicode8annex15,
    title = {Unicode Standard Annex \#15: Unicode Normalization Forms},
    author = {Davis, Mark and Whistler, Ken},
    year = {2015},
    publisher = {{Unicode Consortium}},
    url = {http://unicode.org/reports/tr15/}
}

@ARTICLE{wordnet,
    author = {Miller, George A.},
    title = {WordNet: A Lexical Database for English},
    journal = {Commun. ACM},
    issue_date = {Nov. 1995},
    volume = {38},
    number = {11},
    month = nov,
    year = {1995},
    issn = {0001-0782},
    pages = {39--41},
    numpages = {3},
    url = {http://doi.acm.org/10.1145/219717.219748},
    doi = {10.1145/219717.219748},
    acmid = {219748},
    publisher = {ACM},
    address = {New York, NY, USA},
}
